<collection xmlns="http://www.loc.gov/MARC21/slim"><record><leader>00716nam  2200217   450</leader><controlfield tag="001">230</controlfield><controlfield tag="003">http://montalegre.opacnet.com/OPAC/default.aspx?ContentAreaControl=ShowRegHoldings.ascx&amp;RegNo=16662</controlfield><datafield tag="095" ind1=" " ind2=" "><subfield code="a">PTBN00079228</subfield></datafield><datafield tag="100" ind1=" " ind2=" "><subfield code="a">20061013d1985    m  y0pora010305  ba</subfield></datafield><datafield tag="101" ind1="1" ind2=" "><subfield code="a">por</subfield></datafield><datafield tag="102" ind1=" " ind2=" "><subfield code="a">PT</subfield></datafield><datafield tag="200" ind1="1" ind2=" "><subfield code="a">Adolfo</subfield><subfield code="e">romance</subfield><subfield code="f">Benjamin Constant</subfield><subfield code="g">trad. de Campos Lima</subfield></datafield><datafield tag="205" ind1=" " ind2=" "><subfield code="a">3ª ed</subfield></datafield><datafield tag="210" ind1=" " ind2=" "><subfield code="a">Lisboa</subfield><subfield code="c">Guimarães Editores</subfield><subfield code="d">1985</subfield></datafield><datafield tag="215" ind1=" " ind2=" "><subfield code="a">136, [8] p.</subfield><subfield code="d">19 cm</subfield></datafield><datafield tag="225" ind1="2" ind2=" "><subfield code="a">&lt;Os &gt;livros imortais</subfield></datafield><datafield tag="675" ind1=" " ind2=" "><subfield code="a">821</subfield><subfield code="v">BN</subfield><subfield code="z">por</subfield></datafield><datafield tag="700" ind1=" " ind2="1"><subfield code="a">Constant</subfield><subfield code="b">Benjamin</subfield><subfield code="f">1767-1830</subfield></datafield><datafield tag="702" ind1=" " ind2="1"><subfield code="a">Lima</subfield><subfield code="b">João Evangelista Campos</subfield><subfield code="f">1887-1956</subfield><subfield code="4">730</subfield></datafield><datafield tag="801" ind1=" " ind2="0"><subfield code="a">PT</subfield><subfield code="b">Biblioteca Municipal de Montalegre</subfield><subfield code="g">RPC</subfield></datafield><datafield tag="856" ind1=" " ind2=" "><subfield code="u">locateMedia.asp?cod=20060510150544&amp;ext=jpg</subfield><subfield code="z">CAPA</subfield></datafield><datafield tag="909" ind1="&#9;" ind2=" "><subfield code="a">1</subfield></datafield><datafield tag="966" ind1=" " ind2=" "><subfield code="a">0008588</subfield><subfield code="l">BMM</subfield><subfield code="s">SCG 821 CON ado</subfield></datafield></record></collection>